%% This BibTeX bibliography file was created using BibDesk.
%% http://bibdesk.sourceforge.net/


%% Created for Lauro Cesar Araujo at 2015-04-27 19:43:45 -0300 


%% Saved with string encoding Unicode (UTF-8) 



@inproceedings{sanchez2017transmission,
  title        = {Transmission technologies comparison for IoT communications in smart-cities},
  author       = {Sanchez-Gomez, Jesus and Sanchez-Iborra, Ramon and Skarmeta, Antonio},
  booktitle    = {GLOBECOM 2017-2017 IEEE Global Communications Conference},
  pages        = {51--60},
  address      = {3 Foxglove Close, Wokingham, Berkshire RG41 3NF, UK},
  year         = {1996-1999},
  organization = {IEEE}
}

@inbook{Rusling-IPC:1999,
  title         = {Chapter 5 - Interprocess Communication Mechanisms},
  author        = {David A Rusling},
  booktitle     = {The Linux Kernel},
  pages         = {51--60},
  address       = {3 Foxglove Close, Wokingham, Berkshire RG41 3NF, UK},
  url           = {https://tldp.org/LDP/tlk/tlk.html},
  year          = {1996-1999},
  urlaccessdate = {\today},
  organization  = {The Linux Documentation Project}
}

@misc{Docker:2020,
  author        = {Docker},
  title         = {\textit{Install Docker Engine}},
  url           = {https://docs.docker.com/engine/install/},
  urlaccessdate = {\today},
  year          = {2020}
}

@misc{RHEL-container:2020,
  author        = {Red Hat, Inc.},
  title         = {\textit{Install Docker Engine}},
  url           = {https://docs.docker.com/engine/install/},
  urlaccessdate = {\today},
  year          = {2020}
}

@misc{RHEL-dconf:2020,
  author        = {Red Hat, Inc.},
  title         = {\textit{What Are dconf Profiles?}},
  url           = {https://access.redhat.com/documentation/en-us/red_hat_enterprise_linux/7/html/desktop_migration_and_administration_guide/profiles},
  urlaccessdate = {\today},
  year          = {2020}
}

@misc{GNOME-dconf:2020,
  author        = {The GNOME Project},
  title         = {\textit{Dconf overview}},
  url           = {https://developer.gnome.org/dconf/unstable/dconf-overview.html},
  urlaccessdate = {\today},
  year          = {2005‒2014}
}

@misc{GNOME-dconf-profile:2020,
  author        = {The GNOME Project},
  title         = {\textit{Dconf profiles}},
  url           = {https://developer.gnome.org/dconf/unstable/dconf-overview.html},
  urlaccessdate = {\today},
  year          = {2005‒2014}
}

@misc{freedesktop-XDG:2020,
  author        = {Waldo Bastian, Ryan Lortie, Lennart Poettering},
  title         = {\textit{XDG Base Directory Specification}},
  url           = {https://specifications.freedesktop.org/basedir-spec/basedir-spec-latest.html},
  urlaccessdate = {\today},
  year          = {2010},
  month         = {11}
}

@manual{Github-docker-baseimage:2020,
  author        = {Waldo Bastian},
  title         = {\textit{XDG Base Directory Specification}},
  url           = {https://specifications.freedesktop.org/basedir-spec/basedir-spec-latest.html},
  urlaccessdate = {\today},
  year          = {2010},
  month         = {11},
  version       = {0.7}
}




@manual{AN1200.13,
  organization = {Semtech Corporation},
  title        = {SX1272/3/6/7/8: LoRa Modem Design Guide},
  number       = {AN1200.13},
  address      = {Camarillo, California - US},
  year         = 2013,
  month        = 7,
  note         = {Rev. 1}
}
